[gd_scene load_steps=3 format=2]

[ext_resource path="res://assets/models/bones.glb" type="PackedScene" id=1]

[sub_resource type="BoxShape" id=1]

extents = Vector3( 1, 1, 1 )

[node name="Scene Root" instance=ExtResource( 1 )]

[node name="Cylinder" parent="." index="0"]

transform = Transform( 4.58413, 0, 0, 0, 0, -4.58413, 0, 4.58413, 0, 0.119967, 3.93816, -0.143509 )

[node name="RigidBody" type="RigidBody" parent="Cylinder" index="0"]

input_ray_pickable = true
input_capture_on_drag = false
collision_layer = 1
collision_mask = 1
mode = 1
mass = 1.0
friction = 1.0
bounce = 0.0
gravity_scale = 1.0
custom_integrator = false
continuous_cd = false
contacts_reported = 0
contact_monitor = false
sleeping = false
can_sleep = true
axis_lock_linear_x = false
axis_lock_linear_y = false
axis_lock_linear_z = false
axis_lock_angular_x = false
axis_lock_angular_y = false
axis_lock_angular_z = false
linear_velocity = Vector3( 0, 0, 0 )
linear_damp = -1.0
angular_velocity = Vector3( 0, 0, 0 )
angular_damp = -1.0

[node name="CollisionShape" type="CollisionShape" parent="Cylinder/RigidBody" index="0"]

transform = Transform( 0.176651, 0, 0.291337, 0, 1.00311, 0, -0.134619, 0, 0.382301, -0.697275, -0.102571, 0.338578 )
shape = SubResource( 1 )
disabled = false

[node name="RigidBody5" type="RigidBody" parent="Cylinder" index="1"]

transform = Transform( 0.635204, 0, -0.772344, 0, 0.297025, 0, 0.772344, 0, 0.635204, 0, 0.519956, 0 )
input_ray_pickable = true
input_capture_on_drag = false
collision_layer = 1
collision_mask = 1
mode = 1
mass = 1.0
friction = 1.0
bounce = 0.0
gravity_scale = 1.0
custom_integrator = false
continuous_cd = false
contacts_reported = 0
contact_monitor = false
sleeping = false
can_sleep = true
axis_lock_linear_x = false
axis_lock_linear_y = false
axis_lock_linear_z = false
axis_lock_angular_x = false
axis_lock_angular_y = false
axis_lock_angular_z = false
linear_velocity = Vector3( 0, 0, 0 )
linear_damp = -1.0
angular_velocity = Vector3( 0, 0, 0 )
angular_damp = -1.0

[node name="CollisionShape" type="CollisionShape" parent="Cylinder/RigidBody5" index="0"]

transform = Transform( 0.155419, 0, 0.216082, 0, 0.949978, 0, -0.126897, 0, 0.307569, -0.697275, 0.125302, 0.338578 )
shape = SubResource( 1 )
disabled = false

[node name="RigidBody6" type="RigidBody" parent="Cylinder" index="2"]

transform = Transform( 0.542291, 0, -0.840191, 0, 0.297025, 0, 0.840191, 0, 0.542291, 0.027929, -0.791606, 0.121614 )
input_ray_pickable = true
input_capture_on_drag = false
collision_layer = 1
collision_mask = 1
mode = 1
mass = 1.0
friction = 1.0
bounce = 0.0
gravity_scale = 1.0
custom_integrator = false
continuous_cd = false
contacts_reported = 0
contact_monitor = false
sleeping = false
can_sleep = true
axis_lock_linear_x = false
axis_lock_linear_y = false
axis_lock_linear_z = false
axis_lock_angular_x = false
axis_lock_angular_y = false
axis_lock_angular_z = false
linear_velocity = Vector3( 0, 0, 0 )
linear_damp = -1.0
angular_velocity = Vector3( 0, 0, 0 )
angular_damp = -1.0

[node name="CollisionShape" type="CollisionShape" parent="Cylinder/RigidBody6" index="0"]

transform = Transform( 0.155419, 0, 0.216082, 0, 0.949978, 0, -0.126897, 0, 0.307569, -0.697275, 0.125302, 0.338578 )
shape = SubResource( 1 )
disabled = false

[node name="RigidBody2" type="RigidBody" parent="Cylinder" index="3"]

transform = Transform( 0.420834, 0, 0.907138, 0, 1, 0, -0.907138, 0, 0.420834, 0, 0, 5.96046e-008 )
input_ray_pickable = true
input_capture_on_drag = false
collision_layer = 1
collision_mask = 1
mode = 1
mass = 1.0
friction = 1.0
bounce = 0.0
gravity_scale = 1.0
custom_integrator = false
continuous_cd = false
contacts_reported = 0
contact_monitor = false
sleeping = false
can_sleep = true
axis_lock_linear_x = false
axis_lock_linear_y = false
axis_lock_linear_z = false
axis_lock_angular_x = false
axis_lock_angular_y = false
axis_lock_angular_z = false
linear_velocity = Vector3( 0, 0, 0 )
linear_damp = -1.0
angular_velocity = Vector3( 0, 0, 0 )
angular_damp = -1.0

[node name="CollisionShape" type="CollisionShape" parent="Cylinder/RigidBody2" index="0"]

transform = Transform( 0.175154, 0, 0.288867, 0, 1.06662, 0, -0.133478, 0, 0.37906, -0.730014, 0.0135392, 0.338377 )
shape = SubResource( 1 )
disabled = false

[node name="RigidBody3" type="RigidBody" parent="Cylinder" index="4"]

transform = Transform( -0.54942, 0, 0.835546, 0, 1, 0, -0.835546, 0, -0.54942, 0, 0, 5.96046e-008 )
input_ray_pickable = true
input_capture_on_drag = false
collision_layer = 1
collision_mask = 1
mode = 1
mass = 1.0
friction = 1.0
bounce = 0.0
gravity_scale = 1.0
custom_integrator = false
continuous_cd = false
contacts_reported = 0
contact_monitor = false
sleeping = false
can_sleep = true
axis_lock_linear_x = false
axis_lock_linear_y = false
axis_lock_linear_z = false
axis_lock_angular_x = false
axis_lock_angular_y = false
axis_lock_angular_z = false
linear_velocity = Vector3( 0, 0, 0 )
linear_damp = -1.0
angular_velocity = Vector3( 0, 0, 0 )
angular_damp = -1.0

[node name="CollisionShape" type="CollisionShape" parent="Cylinder/RigidBody3" index="0"]

transform = Transform( 0.175154, 0, 0.288867, 0, 1.03506, 0, -0.133478, 0, 0.37906, -0.697275, 0.0246533, 0.338578 )
shape = SubResource( 1 )
disabled = false

[node name="RigidBody4" type="RigidBody" parent="Cylinder" index="5"]

transform = Transform( -0.809866, 0, 0.0570574, 0, 1, 0, -0.0702787, 0, -0.997528, 0.143646, 0, 5.96046e-008 )
input_ray_pickable = true
input_capture_on_drag = false
collision_layer = 1
collision_mask = 1
mode = 1
mass = 1.0
friction = 1.0
bounce = 0.0
gravity_scale = 1.0
custom_integrator = false
continuous_cd = false
contacts_reported = 0
contact_monitor = false
sleeping = false
can_sleep = true
axis_lock_linear_x = false
axis_lock_linear_y = false
axis_lock_linear_z = false
axis_lock_angular_x = false
axis_lock_angular_y = false
axis_lock_angular_z = false
linear_velocity = Vector3( 0, 0, 0 )
linear_damp = -1.0
angular_velocity = Vector3( 0, 0, 0 )
angular_damp = -1.0

[node name="CollisionShape" type="CollisionShape" parent="Cylinder/RigidBody4" index="0"]

transform = Transform( 0.175154, 0, 0.288867, 0, 1.03506, 0, -0.133478, 0, 0.37906, -0.697275, 0.00429303, 0.338578 )
shape = SubResource( 1 )
disabled = false


