[gd_scene load_steps=5 format=2]

[ext_resource path="res://ui/Score.cs" type="Script" id=1]
[ext_resource path="res://ui/fonts/font_smol.tres" type="DynamicFont" id=2]
[ext_resource path="res://ui/fonts/PermanentMarker-Regular.ttf" type="DynamicFontData" id=3]

[sub_resource type="DynamicFont" id=1]

size = 60
use_mipmaps = false
use_filter = false
font_data = ExtResource( 3 )
_sections_unfolded = [ "Font", "Settings" ]

[node name="Score" type="Control" index="0"]

anchor_left = 0.0
anchor_top = 0.0
anchor_right = 1.0
anchor_bottom = 1.0
rect_pivot_offset = Vector2( 0, 0 )
rect_clip_content = false
mouse_filter = 0
mouse_default_cursor_shape = 0
size_flags_horizontal = 1
size_flags_vertical = 1
script = ExtResource( 1 )

[node name="Container" type="Container" parent="." index="0"]

anchor_left = 0.0
anchor_top = 0.0
anchor_right = 1.0
anchor_bottom = 0.0
margin_bottom = 82.0
rect_pivot_offset = Vector2( 0, 0 )
rect_clip_content = false
mouse_filter = 0
mouse_default_cursor_shape = 0
size_flags_horizontal = 1
size_flags_vertical = 1

[node name="HBoxContainer" type="HBoxContainer" parent="Container" index="0"]

anchor_left = 0.0
anchor_top = 0.0
anchor_right = 1.0
anchor_bottom = 0.0
margin_bottom = 100.0
rect_pivot_offset = Vector2( 0, 0 )
rect_clip_content = false
mouse_filter = 1
mouse_default_cursor_shape = 0
size_flags_horizontal = 1
size_flags_vertical = 1
alignment = 1
_sections_unfolded = [ "Size Flags" ]

[node name="VBoxScore" type="VBoxContainer" parent="Container/HBoxContainer" index="0"]

anchor_left = 0.0
anchor_top = 0.0
anchor_right = 0.0
anchor_bottom = 0.0
margin_left = 10.0
margin_right = 510.0
margin_bottom = 262.0
rect_min_size = Vector2( 500, 100 )
rect_pivot_offset = Vector2( 0, 0 )
rect_clip_content = false
mouse_filter = 1
mouse_default_cursor_shape = 0
size_flags_horizontal = 1
size_flags_vertical = 1
alignment = 0
_sections_unfolded = [ "Rect" ]

[node name="NotScore" type="Label" parent="Container/HBoxContainer/VBoxScore" index="0"]

anchor_left = 0.0
anchor_top = 0.0
anchor_right = 0.0
anchor_bottom = 0.0
margin_right = 500.0
margin_bottom = 30.0
rect_pivot_offset = Vector2( 0, 0 )
rect_clip_content = false
mouse_filter = 2
mouse_default_cursor_shape = 0
size_flags_horizontal = 1
size_flags_vertical = 4
custom_fonts/font = ExtResource( 2 )
custom_colors/font_color_shadow = Color( 0, 0, 0, 1 )
text = "Points"
align = 1
percent_visible = 1.0
lines_skipped = 0
max_lines_visible = -1
_sections_unfolded = [ "custom_colors", "custom_constants", "custom_fonts" ]

[node name="Score" type="Label" parent="Container/HBoxContainer/VBoxScore" index="1"]

anchor_left = 0.0
anchor_top = 0.0
anchor_right = 0.0
anchor_bottom = 0.0
margin_top = 34.0
margin_right = 500.0
margin_bottom = 121.0
rect_pivot_offset = Vector2( 0, 0 )
rect_clip_content = false
mouse_filter = 2
mouse_default_cursor_shape = 0
size_flags_horizontal = 1
size_flags_vertical = 4
custom_fonts/font = SubResource( 1 )
custom_colors/font_color_shadow = Color( 0, 0, 0, 1 )
custom_constants/shadow_offset_x = 2
custom_constants/shadow_offset_y = 2
custom_constants/shadow_as_outline = 20
text = "XXX"
align = 1
percent_visible = 1.0
lines_skipped = 0
max_lines_visible = -1
_sections_unfolded = [ "custom_colors", "custom_constants", "custom_fonts" ]

[node name="VBoxEnemyCount" type="VBoxContainer" parent="Container/HBoxContainer" index="1"]

anchor_left = 0.0
anchor_top = 0.0
anchor_right = 0.0
anchor_bottom = 0.0
margin_left = 514.0
margin_right = 1014.0
margin_bottom = 262.0
rect_min_size = Vector2( 500, 100 )
rect_pivot_offset = Vector2( 0, 0 )
rect_clip_content = false
mouse_filter = 1
mouse_default_cursor_shape = 0
size_flags_horizontal = 1
size_flags_vertical = 1
alignment = 0
_sections_unfolded = [ "Rect" ]

[node name="EnemyCountLabel" type="Label" parent="Container/HBoxContainer/VBoxEnemyCount" index="0"]

anchor_left = 0.0
anchor_top = 0.0
anchor_right = 0.0
anchor_bottom = 0.0
margin_right = 500.0
margin_bottom = 30.0
rect_pivot_offset = Vector2( 0, 0 )
rect_clip_content = false
mouse_filter = 2
mouse_default_cursor_shape = 0
size_flags_horizontal = 1
size_flags_vertical = 4
custom_fonts/font = ExtResource( 2 )
custom_colors/font_color_shadow = Color( 0, 0, 0, 1 )
text = "Enemies"
align = 1
percent_visible = 1.0
lines_skipped = 0
max_lines_visible = -1
_sections_unfolded = [ "custom_colors", "custom_constants", "custom_fonts" ]

[node name="EnemyCount" type="Label" parent="Container/HBoxContainer/VBoxEnemyCount" index="1"]

anchor_left = 0.0
anchor_top = 0.0
anchor_right = 0.0
anchor_bottom = 0.0
margin_top = 34.0
margin_right = 500.0
margin_bottom = 121.0
rect_pivot_offset = Vector2( 0, 0 )
rect_clip_content = false
mouse_filter = 2
mouse_default_cursor_shape = 0
size_flags_horizontal = 1
size_flags_vertical = 4
custom_fonts/font = SubResource( 1 )
custom_colors/font_color_shadow = Color( 0, 0, 0, 1 )
custom_constants/shadow_offset_x = 2
custom_constants/shadow_offset_y = 2
custom_constants/shadow_as_outline = 20
text = "X / 5"
align = 1
percent_visible = 1.0
lines_skipped = 0
max_lines_visible = -1
_sections_unfolded = [ "custom_colors", "custom_constants", "custom_fonts" ]


