[gd_scene load_steps=7 format=2]

[ext_resource path="res://ui/WinLoose.cs" type="Script" id=1]
[ext_resource path="res://ui/fonts/Font.tres" type="DynamicFont" id=2]
[ext_resource path="res://ui/fonts/PermanentMarker-Regular.ttf" type="DynamicFontData" id=3]
[ext_resource path="res://ui/Button.gd" type="Script" id=4]
[ext_resource path="res://assets/audio/sounds/explosion.ogg" type="AudioStream" id=5]

[sub_resource type="DynamicFont" id=1]

size = 20
use_mipmaps = false
use_filter = false
font_data = ExtResource( 3 )
_sections_unfolded = [ "Font", "Settings" ]

[node name="WinLoose" type="Control"]

visible = false
anchor_left = 0.0
anchor_top = 0.0
anchor_right = 1.0
anchor_bottom = 1.0
rect_pivot_offset = Vector2( 0, 0 )
rect_clip_content = false
mouse_filter = 0
mouse_default_cursor_shape = 0
size_flags_horizontal = 1
size_flags_vertical = 1
script = ExtResource( 1 )

[node name="WinContainer" type="Container" parent="." index="0"]

anchor_left = 0.0
anchor_top = 0.0
anchor_right = 1.0
anchor_bottom = 1.0
rect_pivot_offset = Vector2( 0, 0 )
rect_clip_content = false
mouse_filter = 0
mouse_default_cursor_shape = 0
size_flags_horizontal = 1
size_flags_vertical = 1

[node name="CenterContainer" type="CenterContainer" parent="WinContainer" index="0"]

anchor_left = 0.0
anchor_top = 0.0
anchor_right = 1.0
anchor_bottom = 1.0
rect_pivot_offset = Vector2( 0, 0 )
rect_clip_content = false
mouse_filter = 0
mouse_default_cursor_shape = 0
size_flags_horizontal = 1
size_flags_vertical = 1
use_top_left = false

[node name="VBoxContainer" type="VBoxContainer" parent="WinContainer/CenterContainer" index="0"]

anchor_left = 0.0
anchor_top = 0.0
anchor_right = 0.0
anchor_bottom = 0.0
margin_left = 255.0
margin_top = 50.0
margin_right = 769.0
margin_bottom = 550.0
rect_min_size = Vector2( 500, 500 )
rect_pivot_offset = Vector2( 0, 0 )
rect_clip_content = false
mouse_filter = 1
mouse_default_cursor_shape = 0
size_flags_horizontal = 1
size_flags_vertical = 1
alignment = 1

[node name="WinningLabel" type="Label" parent="WinContainer/CenterContainer/VBoxContainer" index="0"]

anchor_left = 0.0
anchor_top = 0.0
anchor_right = 0.0
anchor_bottom = 0.0
margin_top = 78.0
margin_right = 514.0
margin_bottom = 221.0
rect_pivot_offset = Vector2( 0, 0 )
rect_clip_content = false
mouse_filter = 2
mouse_default_cursor_shape = 0
size_flags_horizontal = 1
size_flags_vertical = 4
custom_fonts/font = ExtResource( 2 )
text = "You win!"
align = 1
percent_visible = 1.0
lines_skipped = 0
max_lines_visible = -1
_sections_unfolded = [ "custom_fonts" ]

[node name="PointsLabel" type="Label" parent="WinContainer/CenterContainer/VBoxContainer" index="1"]

anchor_left = 0.0
anchor_top = 0.0
anchor_right = 0.0
anchor_bottom = 0.0
margin_top = 225.0
margin_right = 514.0
margin_bottom = 368.0
rect_pivot_offset = Vector2( 0, 0 )
rect_clip_content = false
mouse_filter = 2
mouse_default_cursor_shape = 0
size_flags_horizontal = 1
size_flags_vertical = 4
custom_fonts/font = ExtResource( 2 )
text = "XXX points"
align = 1
percent_visible = 1.0
lines_skipped = 0
max_lines_visible = -1
_sections_unfolded = [ "custom_fonts" ]

[node name="Button" type="Button" parent="WinContainer/CenterContainer/VBoxContainer" index="2"]

anchor_left = 0.0
anchor_top = 0.0
anchor_right = 0.0
anchor_bottom = 0.0
margin_top = 372.0
margin_right = 514.0
margin_bottom = 422.0
rect_min_size = Vector2( 100, 50 )
rect_pivot_offset = Vector2( 0, 0 )
rect_clip_content = false
focus_mode = 2
mouse_filter = 0
mouse_default_cursor_shape = 0
size_flags_horizontal = 1
size_flags_vertical = 1
custom_fonts/font = SubResource( 1 )
custom_colors/font_color = Color( 1, 0.539062, 0, 1 )
toggle_mode = false
enabled_focus_mode = 2
shortcut = null
group = null
text = "Back to Menu"
flat = true
align = 1
script = ExtResource( 4 )

[node name="Explosion" type="AudioStreamPlayer" parent="." index="1"]

stream = ExtResource( 5 )
volume_db = 0.0
pitch_scale = 1.0
autoplay = false
mix_target = 0
bus = "Master"

[connection signal="pressed" from="WinContainer/CenterContainer/VBoxContainer/Button" to="WinContainer/CenterContainer/VBoxContainer/Button" method="_on_Button_pressed"]


